@article{scikit-learn,
 title={Scikit-learn: Machine Learning in {P}ython},
 author={Pedregosa, F. and Varoquaux, G. and Gramfort, A. and Michel, V.
         and Thirion, B. and Grisel, O. and Blondel, M. and Prettenhofer, P.
         and Weiss, R. and Dubourg, V. and Vanderplas, J. and Passos, A. and
         Cournapeau, D. and Brucher, M. and Perrot, M. and Duchesnay, E.},
 journal={Journal of Machine Learning Research},
 volume={12},
 pages={2825--2830},
 year={2011}
}

@INPROCEEDINGS{cryptovirology, 
author={Young, A. and Yung, M.}, 
booktitle={Security and Privacy, 1996. Proceedings., 1996 IEEE Symposium on}, 
title={Cryptovirology: extortion-based security threats and countermeasures}, 
year={1996}, 
month={May}, 
pages={129-140}, 
keywords={computer viruses;cryptography;Cryptovirology;Trojan horses;confidentiality;cryptographic tools;cryptography;cryptovirus;extortion based attacks;information leakage;rogue software;viruses;Access control;Application software;Biological system modeling;Computer security;Invasive software;Organisms;Public key cryptography;Space technology;Viruses (medical);Weapons}, 
doi={10.1109/SECPRI.1996.502676}, 
ISSN={1081-6011},}

@misc{BBCcryptolocker,
author={Ward, Mark},
title={Cryptolocker victims to get files back for free},
url={http://www.bbc.com/news/technology-28661463},
year={2014},
}

@misc{onion,
author={Brook, Chris},
title={More Details of Onion/Critroni Crypto Ransomware Emerge},
url={http://threatpost.com/onion-ransomware-demands-bitcoins-uses-tor-advanced-encryption/107408},
year={2015}
}

@misc{torrentlocker,
author={Hummel, Richard},
title={TorrentLocker -- New Variant with New Encryption Observed in the Wild},
url={http://www.isightpartners.com/2014/09/torrentlocker-new-variant-observed-wild/},
year={2014}
}

@misc{simpleloop,
	author={Jonathan Salwan},
	title={Simple loop detection via the instruction counter},
	url={http://shell-storm.org/files/Simple-loop-detection-via-the-instruction-counter.cpp},
	year={2013}
}

@misc{cryptowall,
author={Allievi, Andrea and Carter, Earl},
title={Ransomware on Steroids: Cryptowall 2.0},
url={https://blogs.cisco.com/talos/Cryptowall-2},
year={2015}
}

@misc{ARScryptolocker,
author={Goodin, Dan},
title={You’re infected—if you want to see your data again, pay us \$300 in Bitcoins},
url={http://arstechnica.com/security/2013/10/youre-infected-if-you-want-to-see-your-data-again-pay-us-300-in-bitcoins/},
year={2013}
}

@article{kolter,
 author = {Kolter, J. Zico and Maloof, Marcus A.},
 title = {Learning to Detect and Classify Malicious Executables in the Wild},
 journal = {J. Mach. Learn. Res.},
 issue_date = {12/1/2006},
 volume = {7},
 month = dec,
 year = {2006},
 issn = {1532-4435},
 pages = {2721--2744},
 numpages = {24},
 url = {http://dl.acm.org/citation.cfm?id=1248547.1248646},
 acmid = {1248646},
 publisher = {JMLR.org},
} 

@incollection{knerr,
year={1990},
isbn={978-3-642-76155-3},
booktitle={Neurocomputing},
volume={68},
series={NATO ASI Series},
editor={Soulié, FrançoiseFogelman and Hérault, Jeanny},
doi={10.1007/978-3-642-76153-9_5},
title={Single-layer learning revisited: a stepwise procedure for building and training a neural network},
url={http://dx.doi.org/10.1007/978-3-642-76153-9_5},
publisher={Springer Berlin Heidelberg},
author={Knerr, S. and Personnaz, L. and Dreyfus, G.},
pages={41-50},
language={English}
}
@ARTICLE{lloyd, 
author={Lloyd, S.}, 
journal={Information Theory, IEEE Transactions on}, 
title={Least squares quantization in PCM}, 
year={1982}, 
month={Mar}, 
volume={28}, 
number={2}, 
pages={129-137}, 
keywords={Least-squares approximation;PCM communication;Quantization (signal);Signal quantization;Amplitude modulation;Frequency;Helium;Laplace equations;Least squares methods;Phase change materials;Pulse modulation;Quantization;Sampling methods;Voltage}, 
doi={10.1109/TIT.1982.1056489}, 
ISSN={0018-9448},}

@INPROCEEDINGS{caballero:dispatcher,
    author = {Juan Caballero and Pongsin Poosankam and Dawn Song and Christian Kreibich},
    title = {Dispatcher: Enabling active botnet infiltration using automatic protocol reverse-engineering},
    booktitle = {In CCS’09: of the 16th ACM conference on Computer and communications security},
    year = {2009},
    pages = {621--634},
    publisher = {ACM}
}

@article{Wondracek, doi = {http://www.isoc.org/isoc/conferences/ndss/08/papers/13_automatic_network_protocol.pdf}, year = {2008}, month = {02}, title = {{A}utomatic network protocol analysis}, author = {{W}ondracek, {G}ilbert and {C}omparetti, {P}aolo {M}ilani and {K}r{\"u}gel, {C}hristopher and {K}irda, {E}ngin}, journal = {{NDSS} 2008, 15th {A}nnual {N}etwork and {D}istributed {S}ystem {S}ecurity {S}ymposium, {F}ebruary, 15-18 2008, {S}an {D}iego, {USA}}, url = {http://www.eurecom.fr/publication/2522} }

@INPROCEEDINGS{lin,
    author = {Zhiqiang Lin and Xuxian Jiang and Dongyan Xu and Xiangyu Zhang},
    title = {Automatic Protocol Format Reverse Engineering through Context-Aware Monitored Execution},
    booktitle = {IN 15TH SYMPOSIUM ON NETWORK AND DISTRIBUTED SYSTEM SECURITY (NDSS},
    year = {2008},
    publisher = {}
}

@inproceedings{Caballero:polyglot,
 author = {Caballero, Juan and Yin, Heng and Liang, Zhenkai and Song, Dawn},
 title = {Polyglot: Automatic Extraction of Protocol Message Format Using Dynamic Binary Analysis},
 booktitle = {Proceedings of the 14th ACM Conference on Computer and Communications Security},
 series = {CCS '07},
 year = {2007},
 isbn = {978-1-59593-703-2},
 location = {Alexandria, Virginia, USA},
 pages = {317--329},
 numpages = {13},
 url = {http://doi.acm.org/10.1145/1315245.1315286},
 doi = {10.1145/1315245.1315286},
 acmid = {1315286},
 publisher = {ACM},
 address = {New York, NY, USA},
 keywords = {binary analysis, protocol reverse engineering},
} 

@mastersthesis{lutz,
author={No\'e Lutz},
title={Towards Revealing Attackers’ Intent by
Automatically Decrypting Network Traffic},
school ={ETH Zurich},
year={2008}
}

@inproceedings{wang,
 author = {Wang, Zhi and Jiang, Xuxian and Cui, Weidong and Wang, Xinyuan and Grace, Mike},
 title = {ReFormat: Automatic Reverse Engineering of Encrypted Messages},
 booktitle = {Proceedings of the 14th European Conference on Research in Computer Security},
 series = {ESORICS'09},
 year = {2009},
 isbn = {3-642-04443-3, 978-3-642-04443-4},
 location = {Saint-Malo, France},
 pages = {200--215},
 numpages = {16},
 url = {http://dl.acm.org/citation.cfm?id=1813084.1813102},
 acmid = {1813102},
 publisher = {Springer-Verlag},
 address = {Berlin, Heidelberg},
 keywords = {data lifetime analysis, encryption, network protocols, reverse engineering, security},
} 

@incollection{grobert,
year={2011},
isbn={978-3-642-23643-3},
booktitle={Recent Advances in Intrusion Detection},
volume={6961},
series={Lecture Notes in Computer Science},
editor={Sommer, Robin and Balzarotti, Davide and Maier, Gregor},
doi={10.1007/978-3-642-23644-0_3},
title={Automated Identification of Cryptographic Primitives in Binary Programs},
url={http://dx.doi.org/10.1007/978-3-642-23644-0_3},
publisher={Springer Berlin Heidelberg},
keywords={Binary Analysis; Malware Analysis; Cryptography},
author={Gröbert, Felix and Willems, Carsten and Holz, Thorsten},
pages={41-60},
language={English}
}

@MISC{Moseley,
    author = {Tipp Moseley and Dirk Grunwald and Daniel A. Connors and Ram Ramanujam and Vasanth Tovinkere and Ramesh Peri},
    title = {LoopProf: Dynamic Techniques for Loop Detection and Profiling },
    year = {2006}
}

@inproceedings{pin,
 author = {Luk, Chi-Keung and Cohn, Robert and Muth, Robert and Patil, Harish and Klauser, Artur and Lowney, Geoff and Wallace, Steven and Reddi, Vijay Janapa and Hazelwood, Kim},
 title = {Pin: Building Customized Program Analysis Tools with Dynamic Instrumentation},
 booktitle = {Proceedings of the 2005 ACM SIGPLAN Conference on Programming Language Design and Implementation},
 series = {PLDI '05},
 year = {2005},
 isbn = {1-59593-056-6},
 location = {Chicago, IL, USA},
 pages = {190--200},
 numpages = {11},
 url = {http://doi.acm.org/10.1145/1065010.1065034},
 doi = {10.1145/1065010.1065034},
 acmid = {1065034},
 publisher = {ACM},
 address = {New York, NY, USA},
 keywords = {dynamic compilation, instrumentation, program analysis tools},
} 

@inproceedings{tubella,
 author = {Tubella, J. and Gonz\'{a}lez, A.},
 title = {Control Speculation in Multithreaded Processors Through Dynamic Loop Detection},
 booktitle = {Proceedings of the 4th International Symposium on High-Performance Computer Architecture},
 series = {HPCA '98},
 year = {1998},
 isbn = {0-8186-8323-6},
 pages = {14--},
 url = {http://dl.acm.org/citation.cfm?id=822079.822711},
 acmid = {822711},
 publisher = {IEEE Computer Society},
 address = {Washington, DC, USA},
} 